@inproceedings{denoeud2006comparison,
  title={Comparison of distance indices between partitions},
  author={Den{\oe}ud, Lucile and Gu{\'e}noche, Alain},
  booktitle={Data Science and Classification},
  pages={21--28},
  year={2006},
  organization={Springer}
}

@article{maffray1996np,
  title={On the NP-completeness of the k-colorability problem for triangle-free graphs},
  author={Maffray, Fr{\'e}d{\'e}ric and Preissmann, Myriam},
  journal={Discrete Mathematics},
  volume={162},
  number={1-3},
  pages={313--317},
  year={1996},
  publisher={Elsevier}
}

@article{porumbel2010search,
  title={A search space “cartography” for guiding graph coloring heuristics},
  author={Porumbel, Daniel Cosmin and Hao, Jin-Kao and Kuntz, Pascale},
  journal={Computers \& Operations Research},
  volume={37},
  number={4},
  pages={769--778},
  year={2010},
  publisher={Elsevier}
}

@article{glass2005polynomially,
  title={A polynomially searchable exponential neighbourhood for graph colouring},
  author={Glass, Celia A and Pr{\"u}gel-Bennett, Adam},
  journal={Journal of the operational research society},
  volume={56},
  number={3},
  pages={324--330},
  year={2005},
  publisher={Taylor \& Francis}
}